@InProceedings{ohSPECTRE2021,
  title = 	 {SPECTRE: defending against backdoor attacks using robust statistics},
  author =       {Hayase, Jonathan and Kong, Weihao and Somani, Raghav and Oh, Sewoong},
  booktitle = 	 {Proceedings of the 38th International Conference on Machine Learning},
  pages = 	 {4129--4139},
  year = 	 {2021},
  editor = 	 {Meila, Marina and Zhang, Tong},
  volume = 	 {139},
  series = 	 {Proceedings of Machine Learning Research},
  month = 	 {18--24 Jul},
  publisher =    {PMLR},
  pdf = 	 {http://proceedings.mlr.press/v139/hayase21a/hayase21a.pdf},
  url = 	 {https://proceedings.mlr.press/v139/hayase21a.html}
}

@inproceedings{rr1,
  title={Random Features for Large-Scale Kernel Machines.},
  author={Rahimi, Ali and Recht, Benjamin},
  booktitle={Neural Information Processing Systems},
  year={2007}
}

@inproceedings{BST21,
  author    = {Joan Bruna and
               Oded Regev and
               Min Jae Song and
               Yi Tang},
  editor    = {Samir Khuller and
               Virginia Vassilevska Williams},
  title     = {Continuous {LWE}},
  booktitle = {{STOC} '21: 53rd Annual {ACM} {SIGACT} Symposium on Theory of Computing,
               Virtual Event, Italy, June 21-25, 2021},
  pages     = {694--707},
  publisher = {{ACM}},
  year      = {2021}
}

@article{CLLLS17,
  author    = {Xinyun Chen and
               Chang Liu and
               Bo Li and
               Kimberly Lu and
               Dawn Song},
  title     = {Targeted Backdoor Attacks on Deep Learning Systems Using Data Poisoning},
  journal   = {CoRR},
  volume    = {abs/1712.05526},
  year      = {2017},
  url       = {http://arxiv.org/abs/1712.05526},
  eprinttype = {arXiv},
  eprint    = {1712.05526},
  timestamp = {Mon, 22 Jul 2019 13:37:30 +0200},
  biburl    = {https://dblp.org/rec/journals/corr/abs-1712-05526.bib},
  bibsource = {dblp computer science bibliography, https://dblp.org}
}

@inproceedings{TLM18,
  author    = {Brandon Tran and
               Jerry Li and
               Aleksander Madry},
  editor    = {Samy Bengio and
               Hanna M. Wallach and
               Hugo Larochelle and
               Kristen Grauman and
               Nicol{\`{o}} Cesa{-}Bianchi and
               Roman Garnett},
  title     = {Spectral Signatures in Backdoor Attacks},
  booktitle = {Advances in Neural Information Processing Systems 31: Annual Conference
               on Neural Information Processing Systems 2018, NeurIPS 2018, December
               3-8, 2018, Montr{\'{e}}al, Canada},
  pages     = {8011--8021},
  year      = {2018},
  url       = {https://proceedings.neurips.cc/paper/2018/hash/280cf18baf4311c92aa5a042336587d3-Abstract.html},
  timestamp = {Thu, 21 Jan 2021 15:15:21 +0100},
  biburl    = {https://dblp.org/rec/conf/nips/Tran0M18.bib},
  bibsource = {dblp computer science bibliography, https://dblp.org}
}

@article{GLDG19,
  author    = {Tianyu Gu and
               Kang Liu and
               Brendan Dolan{-}Gavitt and
               Siddharth Garg},
  title     = {BadNets: Evaluating Backdooring Attacks on Deep Neural Networks},
  journal   = {{IEEE} Access},
  volume    = {7},
  pages     = {47230--47244},
  year      = {2019},
  url       = {https://doi.org/10.1109/ACCESS.2019.2909068},
  doi       = {10.1109/ACCESS.2019.2909068},
  timestamp = {Fri, 31 May 2019 09:48:41 +0200},
  biburl    = {https://dblp.org/rec/journals/access/GuLDG19.bib},
  bibsource = {dblp computer science bibliography, https://dblp.org}
}

@inproceedings{ABCPK18,
  author    = {Yossi Adi and
               Carsten Baum and
               Moustapha Ciss{\'{e}} and
               Benny Pinkas and
               Joseph Keshet},
  editor    = {William Enck and
               Adrienne Porter Felt},
  title     = {Turning Your Weakness Into a Strength: Watermarking Deep Neural Networks
               by Backdooring},
  booktitle = {27th {USENIX} Security Symposium, {USENIX} Security 2018, Baltimore,
               MD, USA, August 15-17, 2018},
  pages     = {1615--1631},
  publisher = {{USENIX} Association},
  year      = {2018},
  url       = {https://www.usenix.org/conference/usenixsecurity18/presentation/adi},
  timestamp = {Mon, 01 Feb 2021 08:43:20 +0100},
  biburl    = {https://dblp.org/rec/conf/uss/AdiBCPK18.bib},
  bibsource = {dblp computer science bibliography, https://dblp.org}
}

@article{SWLK19,
  author    = {Masoumeh Shafieinejad and
               Jiaqi Wang and
               Nils Lukas and
               Florian Kerschbaum},
  title     = {On the Robustness of the Backdoor-based Watermarking in Deep Neural
               Networks},
  journal   = {CoRR},
  volume    = {abs/1906.07745},
  year      = {2019},
  url       = {http://arxiv.org/abs/1906.07745},
  eprinttype = {arXiv},
  eprint    = {1906.07745},
  timestamp = {Mon, 24 Jun 2019 17:28:45 +0200},
  biburl    = {https://dblp.org/rec/journals/corr/abs-1906-07745.bib},
  bibsource = {dblp computer science bibliography, https://dblp.org}
}

@article{hong2021handcrafted,
  title={Handcrafted Backdoors in Deep Neural Networks},
  author={Hong, Sanghyun and Carlini, Nicholas and Kurakin, Alexey},
  journal={arXiv preprint arXiv:2106.04690},
  year={2021}
}

@inproceedings{garg2020adversarially,
  title={Adversarially Robust Learning Could Leverage Computational Hardness.},
  author={Garg, Sanjam and Jha, Somesh and Mahloujifar, Saeed and Mohammad, Mahmoody},
  booktitle={Algorithmic Learning Theory},
  pages={364--385},
  year={2020},
  organization={PMLR}
}

@inproceedings{bubeck2019adversarial,
  title={Adversarial examples from computational constraints},
  author={Bubeck, S{\'e}bastien and Lee, Yin Tat and Price, Eric and Razenshteyn, Ilya},
  booktitle={International Conference on Machine Learning},
  pages={831--840},
  year={2019},
  organization={PMLR}
}